<record xmlns="http://www.loc.gov/MARC21/slim" xmlns:xsi="http://www.w3.org/2001/XMLSchema-instance" xsi:schemaLocation="http://www.loc.gov/MARC21/slim http://www.loc.gov/standards/marcxml/schema/MARC21slim.xsd"><leader>02349nam a2200349   4500</leader><controlfield tag="001">1920797</controlfield><controlfield tag="003">NIC</controlfield><controlfield tag="006">m        d        </controlfield><controlfield tag="007">cr cn |||m|||a</controlfield><controlfield tag="008">150222m19399999ua      o     000 0 ara d</controlfield><datafield ind1=" " ind2=" " tag="040"><subfield code="a">NNU</subfield><subfield code="b">eng</subfield><subfield code="c">NNU</subfield></datafield><datafield ind1="1" ind2=" " tag="100"><subfield code="6">880-01</subfield><subfield code="a">Abu&#772; H&#803;ayya&#772;n al-Tawh&#803;i&#772;di&#772;, &#699;Ali&#772; ibn Muh&#803;ammad,</subfield><subfield code="d">active 10th century.</subfield></datafield><datafield ind1="1" ind2="0" tag="240"><subfield code="6">880-02</subfield><subfield code="a">Imta&#772;&#699; wa-al-mu&#700;a&#772;nasah</subfield></datafield><datafield ind1="1" ind2="0" tag="245"><subfield code="6">880-03</subfield><subfield code="a">Kita&#772;b al-Imta&#772;&#699; wa-al-mu&#700;a&#772;nasah</subfield><subfield code="h">[electronic resource] :</subfield><subfield code="b">wa-huwa majmu&#772;&#699; musa&#772;mara&#772;t fi&#772; funu&#772;n shatta&#769; h&#803;a&#772;d&#803;ara biha&#772; al-wazi&#772;r Aba&#772; &#699;Abd Alla&#772;h al-&#699;A&#772;rid&#803; fi&#772; sab&#699; wa-thala&#772;thi&#772;n laylah /</subfield><subfield code="c">ta&#700;li&#772;f Abu&#772; H&#803;ayya&#772;n al-Tawh&#803;i&#772;di&#772; ; s&#803;ah&#803;h&#803;ah&#803;ahu wa-d&#803;abat&#803;ahu wa-sharah&#803;a ghari&#772;bah Ah&#803;mad Ami&#772;n wa-Ah&#803;mad al-Zayn.</subfield></datafield><datafield ind1=" " ind2=" " tag="260"><subfield code="6">880-04</subfield><subfield code="a">al-Qa&#772;hirah :</subfield><subfield code="b">Lajnat al-Ta&#700;li&#772;f wa-al-Tarjamah wa-al-Nashr,</subfield><subfield code="c">1939-</subfield></datafield><datafield ind1=" " ind2=" " tag="300"><subfield code="a">online resource (v.)</subfield></datafield><datafield ind1=" " ind2=" " tag="500"><subfield code="a">Part of the Arabic Collections Online (ACO) project, contributed by Cornell University Libraries.</subfield></datafield><datafield ind1=" " ind2=" " tag="533"><subfield code="a">Electronic reproduction.</subfield><subfield code="b">New York, N.Y. :</subfield><subfield code="c">New York University,</subfield><subfield code="d">2015.</subfield><subfield code="5">NNU</subfield></datafield><datafield ind1="1" ind2=" " tag="700"><subfield code="6">880-05</subfield><subfield code="a">Ami&#772;n, Ah&#803;mad. </subfield></datafield><datafield ind1="1" ind2=" " tag="700"><subfield code="6">880-06</subfield><subfield code="a">Zayn, Ah&#803;mad. </subfield></datafield><datafield ind1="2" ind2=" " tag="710"><subfield code="a">Cornell University.</subfield><subfield code="b">Libraries.</subfield></datafield><datafield ind1="0" ind2=" " tag="730"><subfield code="a">Arabic Collections Online.</subfield></datafield><datafield ind1="0" ind2="8" tag="776"><subfield code="i">Print version:</subfield><subfield code="a">Abu&#772; H&#803;ayya&#772;n al-Tawh&#803;i&#772;di&#772;, &#699;Ali&#772; ibn Muh&#803;ammad, active 10th century.</subfield><subfield code="t">Kita&#772;b al-Imta&#772;&#699; wa-al-mu&#700;a&#772;nasah</subfield><subfield code="w">(NIC)1920797</subfield><subfield code="w">(OCoLC)64024843</subfield></datafield><datafield ind1="4" ind2="0" tag="856"><subfield code="u">http://hdl.handle.net/2333.1/kh18959k</subfield></datafield><datafield ind1="1" ind2=" " tag="880"><subfield code="6">100-01/r</subfield><subfield code="a">&#1575;&#1576;&#1608; &#1581;&#1610;&#1575;&#1606; &#1575;&#1604;&#1578;&#1608;&#1581;&#1610;&#1583;&#1610;&#1548; &#1593;&#1604;&#1610; &#1576;&#1606; &#1605;&#1581;&#1605;&#1583;&#1548;</subfield><subfield code="d">active 10th century.</subfield></datafield><datafield ind1="1" ind2="0" tag="880"><subfield code="6">240-02/r</subfield><subfield code="a">&#1575;&#1605;&#1578;&#1575;&#1593; &#1608;&#1575;&#1604;&#1605;&#1572;&#1575;&#1606;&#1587;&#1577;</subfield></datafield><datafield ind1="1" ind2="0" tag="880"><subfield code="6">245-03/r</subfield><subfield code="a">&#1603;&#1578;&#1575;&#1576; &#1575;&#1604;&#1575;&#1605;&#1578;&#1575;&#1593; &#1608;&#1575;&#1604;&#1605;&#1572;&#1575;&#1606;&#1587;&#1577; :</subfield><subfield code="b">&#1608;&#1607;&#1608; &#1605;&#1580;&#1605;&#1608;&#1593; &#1605;&#1587;&#1575;&#1605;&#1585;&#1575;&#1578; &#1601;&#1610; &#1601;&#1606;&#1608;&#1606; &#1588;&#1578;&#1609; &#1581;&#1575;&#1590;&#1585; &#1576;&#1607;&#1575; &#1575;&#1604;&#1608;&#1586;&#1610;&#1585; &#1571;&#1576;&#1575; &#1593;&#1576;&#1583; &#1575;&#1604;&#1604;&#1607; &#1575;&#1604;&#1593;&#1575;&#1585;&#1590; &#1601;&#1610; &#1587;&#1576;&#1593; &#1608;&#1579;&#1604;&#1575;&#1579;&#1610;&#1606; &#1604;&#1610;&#1604;&#1577; /</subfield><subfield code="c">&#1578;&#1571;&#1604;&#1610;&#1601; &#1575;&#1576;&#1608; &#1581;&#1610;&#1575;&#1606; &#1575;&#1604;&#1578;&#1608;&#1581;&#1610;&#1583;&#1610; &#1563; &#1589;&#1581;&#1581;&#1607; &#1608;&#1590;&#1576;&#1591;&#1607; &#1608;&#1588;&#1585;&#1581; &#1594;&#1585;&#1610;&#1576;&#1577; &#1575;&#1581;&#1605;&#1583; &#1575;&#1605;&#1610;&#1606; &#1608;&#1575;&#1581;&#1605;&#1583; &#1575;&#1604;&#1586;&#1610;&#1606;.</subfield></datafield><datafield ind1=" " ind2=" " tag="880"><subfield code="6">260-04/r</subfield><subfield code="a">&#1575;&#1604;&#1602;&#1575;&#1607;&#1585;&#1577; :</subfield><subfield code="b">&#1604;&#1580;&#1606;&#1577; &#1575;&#1604;&#1578;&#1571;&#1604;&#1610;&#1601; &#1608;&#1575;&#1604;&#1578;&#1585;&#1580;&#1605;&#1577; &#1608;&#1575;&#1604;&#1606;&#1588;&#1585;&#1548;</subfield><subfield code="c">&#1633;&#1641;&#1635;&#1641;-</subfield></datafield><datafield ind1="1" ind2=" " tag="880"><subfield code="6">700-05/r</subfield><subfield code="a">&#1571;&#1605;&#1610;&#1606;&#1548; &#1575;&#1581;&#1605;&#1583;.</subfield></datafield><datafield ind1="1" ind2=" " tag="880"><subfield code="6">700-06/r</subfield><subfield code="a">&#1586;&#1610;&#1606;&#1548; &#1575;&#1581;&#1605;&#1583;.</subfield></datafield><datafield ind1=" " ind2=" " tag="959"><subfield code="a">NNU</subfield><subfield code="b">WEB</subfield><subfield code="c">GENI</subfield><subfield code="t">0</subfield><subfield code="m">Electronic access</subfield><subfield code="s">01</subfield></datafield><datafield ind1=" " ind2=" " tag="999"><subfield code="i">NIC_1920797</subfield><subfield code="o">(OCoLC)ocm64024843</subfield><subfield code="s">cornell_aco000073:juz1-3</subfield></datafield></record>